@electronic{winning-rps,
	Author = {Casey Johnston},
	Date-Added = {2020-12-06 19:22:38 +0300},
	Date-Modified = {2020-12-06 19:23:55 +0300},
	Title = {Scientists find a winning strategy for rock-paper-scissors},
	Url = {https://arstechnica.com/science/2014/05/win-at-rock-paper-scissors-by-knowing-thy-opponent}}
